@online{elementaryx,
  author = {Emmanuel Agullo},
  title = {Elementaryx},
  year = 2024,
  url = {https://elementaryx.gitlabpages.inria.fr/},
  urldate = {2024-06-24}
}

@online{Guix,
  author = {Guix Devs},
  title = {GNU Guix},
  year = 2024,
  url = {https://guix.gnu.org/},
  urldate = {2024-06-21}
}

@online{org-mode,
  author = {Carsten Dominik, Bastien Guerry and many others},
  title = {Org Mode},
  year = 2024,
  url = {https://orgmode.org/},
  urldate = {2024-06-24}
}

@online{openMP,
  author = {OpenMP consortium},
  title  = {OpenMP},
  year = 2012,
  url = {https://www.openmp.org/},
  urldate = {2024-06-25}
}

@online{starPU,
  author = {STROM},
  title  = {StarPU},
  year = 2014,
  url = {https://starpu.gitlabpages.inria.fr/index.html},
  urldate = {2024-06-25}
}

@online{MPI,
  author = {Open MPI Project},
  title  = {Open MPI},
  year = 2004,
  url = {https://www.open-mpi.org/},
  urldate = {2024-06-25}
}

@online{composyx,
  author = {CONCACE},
  title  = {Composyx},
  year = 2024,
  url = {https://composyx.gitlabpages.inria.fr/composyx/},
  urldate = {2024-06-25}
}

@online{concace,
  author = {CONCACE},
  title  = {Concace},
  year = 2022,
  url = {https://concace.gitlabpages.inria.fr/},
  urldate = {2024-06-25}
}

@online{chameleon,
  author = {HiePACS},
  title  = {Chameleon},
  year = 2021,
  url = {https://solverstack.gitlabpages.inria.fr/chameleon/},
  urldate = {2024-06-25}
}

@Misc{ enwiki:1225237390,
  author	= {{Wikipedia contributors}},
  title		= {Machine epsilon --- {Wikipedia}{,} The Free
                   Encyclopedia},
  year		= 2024,
  note		= {[Online; accessed 21-August-2024]},
  url		=
                   {https://en.wikipedia.org/w/index.php?title=Machine_epsilon&oldid=1225237390}
}

@Misc{ frwiki:literateProg,
  author	= {Wikipédia},
  title		= {Programmation lettrée --- Wikipédia{,}
                   l'encyclopédie libre},
  year		= 2024,
  note		= {[En ligne; Page disponible le 24-juillet-2024]},
  url		=
                   {\url{http://fr.wikipedia.org/w/index.php?title=Programmation_lettr%C3%A9e&oldid=217066343}}
}

@article{dean2008mapreduce,
  title={MapReduce: simplified data processing on large clusters},
  author={Dean, Jeffrey and Ghemawat, Sanjay},
  journal={Communications of the ACM},
  volume={51},
  number={1},
  pages={107--113},
  year={2008},
  publisher={ACM New York, NY, USA}
}
